<?xml version="1.0" encoding="UTF-8"?><collection xmlns="http://www.loc.gov/MARC21/slim"><record><leader>00507nam--2200133-i-4500</leader><controlfield tag="001">000009496</controlfield><controlfield tag="002">20161230</controlfield><controlfield tag="005">20161230201028</controlfield><controlfield tag="008">060222s1000------------r-----000-0-eng-d</controlfield><datafield ind1=" " ind2=" " tag="245"><subfield code="a">Meteorological aspects of atmospheric radioact ivity. papers presented by wmo experts during the 13th session of the united nations scienti fic committee on the effects of atomic radiati on</subfield></datafield><datafield ind1=" " ind2=" " tag="260"><subfield code="a">Geneva, World Meteorological Organization, 196 5. 194 P</subfield></datafield><datafield ind1=" " ind2=" " tag="490"><subfield code="a">Technical Note</subfield></datafield><datafield ind1=" " ind2=" " tag="700"><subfield code="a">Bleeker, W</subfield></datafield><datafield ind1=" " ind2=" " tag="852"><subfield code="a">34109</subfield></datafield></record></collection>